%% This BibTeX bibliography file was created using BibDesk.
%% http://bibdesk.sourceforge.net/


%% Created for Laurent Besacier at 2015-04-14 11:18:32 +0200 


%% Saved with string encoding Unicode (UTF-8) 



@misc{urlframework,
	Howpublished = {\url{https://camomile.limsi.fr/doku.php?id=framework}},
	Title = {Camomile framework},
	Year = {2014}}

@misc{urlgithub,
	Howpublished = {\url{https://github.com/camomile-project}},
	Title = {{CAMOMILE Project}},
	Year = {2014}}


@inproceedings{alumae2013phone,
	Author = {Alum{\"a}e, Tanel and Nemoto, Rena},
	Booktitle = {INTERSPEECH},
	Organization = {Citeseer},
	Pages = {1801--1805},
	Title = {Phone duration modeling using clustering of rich contexts.},
	Year = {2013}}

@phdthesis{berment2004methodes,
	Author = {Berment, Vincent},
	School = {Universit{\'e} Joseph-Fourier-Grenoble I},
	Title = {M{\'e}thodes pour informatiser les langues et les groupes de langues {\guillemotleft}peu dot{\'e}es{\guillemotright}},
	Year = {2004}}

@article{besacier2005reconnaissance,
	Author = {Besacier, Laurent and Le, Viet-Bac and Castelli, Eric and Sethserey, S and Protin, Ludovic},
	Journal = {TALN 2005},
	Title = {Reconnaissance Automatique de la Parole pour des Langues peu Dot{\'e}es: Application au Vietnamien et au Khmer},
	Year = {2005}}

@article{bird2014aikuma,
	Author = {Bird, Steven and Hanke, Florian R and Adams, Oliver and Lee, Haejoong},
	Journal = {ACL 2014},
	Pages = {1},
	Title = {Aikuma: A mobile app for collaborative language documentation},
	Year = {2014}}

@article{camara1996traitement,
	Author = {Camara, {\'E} and Ndamba, J and Nstadi, C and Rey, V and V{\'e}ronis, J},
	Title = {Traitement informatique des langues africaines: probl{\`e}mes et perspectives},
	Year = {1996}}

@article{carnochan1988vowels,
	Author = {Carnochan, Jack},
	Journal = {Studies in Hausa, language and linguistics in honour of FW Parsons. London \& New York: Kegan Paul},
	Pages = {32},
	Title = {The vowels of Hausa},
	Volume = {17},
	Year = {1988}}

@article{gelas2010using,
	Author = {Gelas, Hadrien and Besacier, Laurent and Rossato, Solange and Pellegrino, Francois},
	Publisher = {Citeseer},
	Title = {Using automatic speech recognition for phonological purposes: study of vowel length in Punu (Bantu B40)},
	Year = {2010}}

@book{jaggar2001hausa,
	Author = {Jaggar, Philip J},
	Publisher = {John Benjamins Publishing},
	Title = {Hausa},
	Volume = {7},
	Year = {2001}}

@inproceedings{kempton2009finding,
	Author = {Kempton, Timothy and Moore, Roger K},
	Booktitle = {Tenth Annual Conference of the International Speech Communication Association},
	Title = {Finding allophones: An evaluation on consonants in the TIMIT corpus},
	Year = {2009}}

@article{krauwer2003basic,
	Author = {Krauwer, Steven},
	Journal = {Proceedings of SPECOM 2003},
	Pages = {8--15},
	Title = {The basic language resource kit (BLARK) as the first milestone for the language resources roadmap},
	Year = {2003}}

@book{koslow1995hausaland,
	Author = {Koslow, Philip},
	Publisher = {Chelsea House Pub},
	Title = {Hausaland: the fortress kingdoms},
	Year = {1995}}

@article{lindau2010hausa,
	Author = {Lindau-Webb, Mona},
	Journal = {Studies in African Linguistics},
	Number = {2},
	Title = {Hausa vowels and dipthongs},
	Volume = {16},
	Year = {2010}}

@article{newman1981acoustic,
	Author = {Newman, Roxana Ma and Heuven, Vincent J van},
	Journal = {Journal of African Languages and Linguistics},
	Number = {1},
	Pages = {1--18},
	Title = {An acoustic and phonological study of pre-pausal vowel length in Hausa},
	Volume = {3},
	Year = {1981}}

@phdthesis{nimaan2007sauvegarde,
	Author = {Nimaan, A},
	School = {PhD thesis, Universit{\'e} d'Avignon et des pays du Vaucluse},
	Title = {Sauvegarde du patrimoine oral africain: conception de systeme de transcription automatique de langues peu dot{\'e}es pour l'indexation des archives audio},
	Year = {2007}}

@phdthesis{ngoc2011extraction,
	Author = {ngoc diep Do, Thi and others},
	School = {Grenoble},
	Title = {Extraction de corpus parall{\`e}le pour la traduction automatique depuis et vers une langue peu dot{\'e}e},
	Year = {2011}}

@phdthesis{pellegrini2008transcription,
	Author = {Pellegrini, Thomas},
	School = {Universit{\'e} Paris Sud-Paris XI},
	Title = {Transcription automatique de langues peu dot{\'e}es},
	Year = {2008}}

@article{povey2011kaldi,
	Author = {Povey, Daniel and Ghoshal, Arnab and Boulianne, Gilles and Burget, Luk{\'a}{\v{s}} and Glembek, Ond{\v{r}}ej and Goel, Nagendra and Hannemann, Mirko and Motl{\'\i}{\v{c}}ek, Petr and Qian, Yanmin and Schwarz, Petr and others},
	Title = {The Kaldi speech recognition toolkit},
	Year = {2011}}

@inproceedings{roach1996babel,
	Author = {Roach, Peter and Arnfield, Simon and Barry, William J and Baltova, J and Boldea, Marian and Fourcin, Adrian and Gonet, W and Gubrynowicz, Ryszard and Hallum, E and Lamel, Lori and others},
	Booktitle = {ICSLP},
	Title = {BABEL: an eastern european multi-language database.},
	Year = {1996}}

@article{schultz2007interspeech,
	Author = {Schultz, Tanja and Black, Alan W and Badaskar, Sameer and Hornyak, Matthew and Kominek, John},
	Title = {INTERSPEECH 2007},
	Year = {2007}}

@article{seng2010toward,
	Author = {Seng, Sopheap},
	Title = {Toward a multi-level statistical language modeling for under-resourced languages},
	Year = {2010}}

@inproceedings{schlippe2012hausa,
	Author = {Schlippe, Tim and Djomgang, Edy Guevara Komgang and Vu, Ngoc Thang and Ochs, Sebastian and Schultz, Tanja},
	Booktitle = {SLTU},
	Pages = {11--14},
	Title = {Hausa large vocabulary continuous speech recognition.},
	Year = {2012}}

@article{ulinski2014documenting,
	Author = {Ulinski, Morgan and Balakrishnan, Anusha and Bauer, Daniel and Coyne, Bob and Hirschberg, Julia and Rambow, Owen},
	Journal = {ACL 2014},
	Pages = {6},
	Title = {Documenting endangered languages with the wordseye linguistics tool},
	Year = {2014}}

@inproceedings{vu2011rapid,
	Author = {Vu, Ngoc Thang and Kraus, Franziska and Schultz, Tanja},
	Booktitle = {Interspeech},
	Organization = {Citeseer},
	Pages = {3145--3148},
	Title = {Rapid Building of an ASR System for Under-Resourced Languages Based on Multilingual Unsupervised Training.},
	Year = {2011}}

@inproceedings{vycichl1990langues,
	Author = {Vycichl, Werner},
	Booktitle = {Relations interethniques et culture mat{\'e}rielle dans le bassin du lac Tchad: actes du III{\`e}me Colloque MEGA-TCHAD, Paris, ORSTOM, 11-12 septembre 1986},
	Organization = {IRD Editions},
	Pages = {33},
	Title = {Les langues tchadiques et l'origine chamitique de leur vocabulaire},
	Year = {1990}}

@misc{d3js,
	Author = {Bostock, M.},
	Howpublished = {\url{http://d3js.org/}},
	Title = {{D}ata-{D}riven {D}ocuments},
	Year = {2014}}

@misc{angularjs,
	Howpublished = {\url{http://angularjs.org/}},
	Title = {Angular.js},
	Year = {2014}}

@misc{urlcamomile,
	Date-Modified = {2015-04-12 07:50:46 +0000},
	Howpublished = {\url{https://github.com/camomile-project/}},
	Title = {Camomile web front-end},
	Year = {2014}}

@misc{url-google-forms,
	Howpublished = {\url{http://www.google.com/forms/about/}},
	Title = {Google Forms},
	Year = {2014}}

@misc{url-list-form,
	Howpublished = {\url{https://docs.google.com/forms/d/1e6WczZ72mjL-NNTUkbSJ9EbeF3tRZmgCgb1b221zpik/viewform?usp=send_form}},
	Title = {List form},
	Year = {2015}}

@misc{url-list-form-results,
	Howpublished = {\url{https://docs.google.com/spreadsheets/d/1r8lPHF__21ttMZulocJMFa3wwh7g-H6RwQC9wyIp3RA/edit?usp=sharing}},
	Title = {List form results},
	Year = {2015}}

@article{barras2006multistage,
	Author = {Barras, Claude and Zhu, Xuan and Meignier, Sylvain and Gauvain, J},
	Journal = {Audio, Speech, and Language Processing, IEEE Transactions on},
	Number = {5},
	Pages = {1505--1512},
	Publisher = {IEEE},
	Title = {Multistage speaker diarization of broadcast news},
	Volume = {14},
	Year = {2006}}

@inproceedings{poignant2012unsupervised,
	Author = {Poignant, Johann and Bredin, Herv{\'e} and Le, Viet-Bac and Besacier, Laurent and Barras, Claude and Qu{\'e}not, Georges and others},
	Booktitle = {Proceedings of the 13th Annual Conference of the International Speech Communication Association (Interspeech)},
	Title = {Unsupervised speaker identification using overlaid texts in TV broadcast},
	Year = {2012}}

@inproceedings{budnik2014automatic,
	Author = {Budnik, Mateusz and Poignant, Johann and Besacier, Laurent and Qu{\'e}not, Georges},
	Booktitle = {Content-Based Multimedia Indexing (CBMI), 2014 12th International Workshop on},
	Organization = {IEEE},
	Title = {Automatic propagation of manual annotations for multimodal person identification in TV shows},
	Year = {2014}}

@inproceedings{giraudel2012repere,
	Author = {Giraudel, Aude and Carr{\'e}, Matthieu and Mapelli, Val{\'e}rie and Kahn, Juliette and Galibert, Olivier and Quintard, Ludovic},
	Booktitle = {LREC},
	Pages = {1102--1107},
	Title = {The REPERE Corpus: a multimodal corpus for person recognition.},
	Year = {2012}}

@inproceedings{bredin2012fusion,
	Author = {Bredin, Herv{\'e} and Poignant, Johann and Tapaswi, Makarand and Fortier, Guillaume and Le, Viet Bac and Napol{\'e}on, Thibault and Gao, Hua and Barras, Claude and Rosset, Sophie and Besacier, Laurent and others},
	Booktitle = {Computer Vision--ECCV 2012. Workshops and Demonstrations},
	Organization = {Springer},
	Pages = {385--394},
	Title = {Fusion of speech, faces and text for person identification in tv broadcast},
	Year = {2012}}
